@article{liuhaiyang2013latex,
  title={\LaTeX{}入门},
  author={刘海洋},
  journal={电子工业出版社},
  address={北京},
  year={2013}
}

@article{zhang2023deep,
  title={Deep Learning for AI Innovation},
  author={Zhang, S. and Li, M. and Wang, H.},
  journal={Proceedings of ICML},
  year={2023},
  pages={1234--1245}
}

@article{li2023neural,
  title={Advanced Neural Networks in Modern Applications},
  author={Li, M. and Chen, X. and Liu, Y.},
  journal={Nature AI},
  volume={15},
  number={3},
  pages={456--467},
  year={2023}
}

@book{goodfellow2016deep,
  title={Deep Learning},
  author={Goodfellow, Ian and Bengio, Yoshua and Courville, Aaron},
  publisher={MIT Press},
  year={2016}
}

@inproceedings{lecun2015deep,
  title={Deep learning},
  author={LeCun, Yann and Bengio, Yoshua and Hinton, Geoffrey},
  booktitle={Nature},
  volume={521},
  number={7553},
  pages={436--444},
  year={2015}
}

@article{he2016deep,
  title={Deep residual learning for image recognition},
  author={He, Kaiming and Zhang, Xiangyu and Ren, Shaoqing and Sun, Jian},
  journal={Proceedings of the IEEE conference on computer vision and pattern recognition},
  pages={770--778},
  year={2016}
}
